@misc{AFL,
 title = {{american fuzzy lop}},
 year = {2021},
 month = {Aug},
 note = {[Online; accessed 11. Aug. 2021]},
 url = {https://lcamtuf.coredump.cx/afl}
}
@article{RE,
  title={Brief Announcement: Round eliminator: a tool for automatic speedup simulation},
  author={Dennis Olivetti},
  journal={Proceedings of the 39th Symposium on Principles of Distributed Computing},
  year={2020}
}
@article{speedup,
  title={An Automatic Speedup Theorem for Distributed Problems},
  author={S. Brandt},
  journal={Proceedings of the 2019 ACM Symposium on Principles of Distributed Computing},
  year={2019}
}
@inproceedings{tc1,
  title={Classification of distributed binary labeling problems},
  author={Alkida Balliu and S. Brandt and Yuval Efron and J. Hirvonen and Yannic Maus and Dennis Olivetti and J. Suomela},
  booktitle={DISC},
  year={2020}
}
@article{tc2,
  title={Truly Tight-in-$\Delta$ Bounds for Bipartite Maximal Matching and Variants},
  author={S. Brandt and Dennis Olivetti},
  journal={Proceedings of the 39th Symposium on Principles of Distributed Computing},
  year={2020}
}
@article{tc3,
  title={Lower Bounds for Maximal Matchings and Maximal Independent Sets},
  author={Alkida Balliu and S. Brandt and J. Hirvonen and Dennis Olivetti and Mika{\"e}l Rabie and J. Suomela},
  journal={2019 IEEE 60th Annual Symposium on Foundations of Computer Science (FOCS)},
  year={2019},
  pages={481-497}
}
@inproceedings{DA2020,
  title={Distributed Algorithms 2020},
  author={J. Hirvonen and J. Suomela},
  year={2020}
}
@inproceedings{IsabelleCodegen,
  title={Code generation from Isabelle/HOL theories},
  author={Florian Haftmann},
  year={2019}
}
@misc{CoqCodegen,
	title = {{Program extraction {\ifmmode---\else\textemdash\fi} Coq 8.13.2 documentation}},
	year = {2021},
	month = {Aug},
	note = {[Online; accessed 20. Aug. 2021]},
	url = {https://coq.inria.fr/refman/addendum/extraction.html}
}
@misc{ElectrolysisCoverage,
  title = {Electrolysis Reference},
	year = {2017},
	month = {Feb},
	note = {[Online; accessed 20. Aug. 2021]},
	url = {http://kha.github.io/electrolysis}
}
@inproceedings{Sel4,
  title={The seL4 Microkernel â€“ An Introduction},
  author={G. Heiser},
  year={2020}
}
